@book{shohin,
	author = {},
	title = {Финансовый менеджмент: Учебное пособие / Под ред. проф. Е. И. Шохина.},
	date = {2004},
	OPTnote = {(Серия : Профессиональное образование).},
	publisher = {ИД ФБК-ПРЕСС},
	location = {М.},
	pagetotal = {408},
}
@book{kirichenko,
	author = {},
	title = {Кириченко, Т. В. Финансовый менеджмент: Учебник / Т. В. Кириченко.},
	date = {2013},
	OPTnote = {(Серия : Профессиональное образование).},
	publisher = {Издательско-торговая корпорация «Дашков и К^o»},
	location = {М.},
	pagetotal = {484},
}
@book{rogova,
	author = {},
	title = {Рогова, Е. М. Финансовый менеджмент : учебник и практикум для СПО / Е. М. Рогова, Е. А. Ткаченко. — 2-е изд., испр. и доп.},
	date = {2018},
	note = {(Серия : Профессиональное образование).},
	publisher = {Издательство Юрайт},
	location = {М.},
	pagetotal = {540},
}
@book{pogodina,
	author = {},
	title = {Погодина, Т. В. Финансовый менеджмент : учебник и практикум для прикладного бакалавриата / Т. В. Погодина.},
	date = {2018},
	note = {(Серия : Бакалавр. Прикладной курс).},
	publisher = {Издательство Юрайт},
	location = {М.},
	pagetotal = {351},
}
@book{rumyantseva,
	author = {},
	title = {Румянцева, Е. Е. Финансовый менеджмент : учебник и практикум для бакалавриата и магистратуры / Е. Е. Румянцева.},
	date = {2018},
	note = {(Серия : Бакалавр и магистр. Академический курс).},
	publisher = {Издательство Юрайт},
	location = {М.},
	pagetotal = {360},
}
@book{ekimova,
	author = {},
	title = {Екимова, К. В. Финансовый менеджмент : учебник для прикладного бакалавриата / К. В. Екимова, И. П. Савельева, К. В. Кардапольцев.},
	date = {2019},
	note = {(Серия : Бакалавр. Прикладной курс).},
	publisher = {Издательство Юрайт},
	location = {М.},
	pagetotal = {381},
}
@book{nezamaikin,
	author = {},
	title = {Незамайкин, В. Н. Финансовый менеджмент : учебник для бакалавров / В. Н. Незамайкин, И. Л. Юрзинова.},
	date = {2019},
	note = {(Серия : Бакалавр. Академический курс).},
	publisher = {Издательство Юрайт},
	location = {М.},
	pagetotal = {467},
}
@book{afonichkin,
	author = {},
	title = {Афоничкин, А. И. Финансовый менеджмент в 2 ч. Часть 2. Финансовая политика предприятия : учебник и практикум для академического бакалавриата / А. И. Афоничкин, Л. И. Журова, Д. Г. Михаленко. — 2-е изд., пер. и доп.},
	date = {2018},
	note = {(Серия : Бакалавр. Академический курс).},
	publisher = {Издательство Юрайт},
	location = {М.},
	pagetotal = {297},
}
